<record><leader>00000cas a22000007a 4500</leader><controlfield tag="001">28088151</controlfield><controlfield tag="008">930511d19301970ctuwr ne      0    0eng d</controlfield><datafield ind1=" " ind2=" " tag="010"><subfield code="a">sn 93053944 </subfield></datafield><datafield ind1=" " ind2=" " tag="040"><subfield code="a">CNW</subfield><subfield code="b">eng</subfield><subfield code="c">CNW</subfield><subfield code="d">OCLCQ</subfield></datafield><datafield ind1=" " ind2=" " tag="042"><subfield code="a">msc</subfield></datafield><datafield ind1="0" ind2=" " tag="130"><subfield code="a">Town crier (West Haven, Conn.)</subfield></datafield><datafield ind1="1" ind2="0" tag="245"><subfield code="a">Town crier.</subfield></datafield><datafield ind1="1" ind2="7" tag="246"><subfield code="a">West Haven town crier</subfield><subfield code="f">1930-Sept. 17, 1964</subfield></datafield><datafield ind1=" " ind2=" " tag="260"><subfield code="a">West Haven, Conn. :</subfield><subfield code="b">[s.n.]</subfield></datafield><datafield ind1=" " ind2=" " tag="300"><subfield code="a">v.</subfield></datafield><datafield ind1=" " ind2=" " tag="310"><subfield code="a">Weekly</subfield></datafield><datafield ind1="0" ind2=" " tag="362"><subfield code="a">Vol. 1, no. 1 (Nov. 20, 1930)-v. 38, no. 25 (June 25, 1970).</subfield></datafield><datafield ind1=" " ind2=" " tag="500"><subfield code="a">Published by Frank M. Sheehan, Nov. 16, 1945-</subfield></datafield><datafield ind1=" " ind2=" " tag="530"><subfield code="a">Available on microfilm from New England Micrographics, Marlboro, Mass.</subfield></datafield><datafield ind1=" " ind2="4" tag="651"><subfield code="a">West Haven (Conn.)</subfield><subfield code="v">Newspapers.</subfield></datafield><datafield ind1=" " ind2=" " tag="752"><subfield code="a">United States</subfield><subfield code="b">Connecticut</subfield><subfield code="c">New Haven</subfield><subfield code="d">West Haven.</subfield></datafield><datafield ind1="0" ind2="0" tag="785"><subfield code="t">West Haven city news</subfield><subfield code="w">(DLC)sn 93053966</subfield></datafield><datafield ind1="1" ind2=" " tag="029"><subfield code="a">AU@</subfield><subfield code="b">000020738238</subfield></datafield></record>